<?xml version="1.0" encoding="UTF-8"?><collection xmlns="http://www.loc.gov/MARC21/slim"><record><leader>00395nam--2200157-i-4500</leader><controlfield tag="001">000016923</controlfield><controlfield tag="002">20161230</controlfield><controlfield tag="005">20170304141612</controlfield><controlfield tag="008">060222s1000------------r-----000-0-eng-d</controlfield><datafield ind1=" " ind2=" " tag="100"><subfield code="a">Danoiu, Dan</subfield></datafield><datafield ind1=" " ind2=" " tag="245"><subfield code="a">Transmiterea imaginilor tv la distanta</subfield></datafield><datafield ind1=" " ind2=" " tag="260"><subfield code="a">Bucuresti</subfield><subfield code="b">Ed.Militara</subfield><subfield code="c">1990</subfield></datafield><datafield ind1=" " ind2=" " tag="300"><subfield code="a">255 p</subfield></datafield><datafield ind1=" " ind2=" " tag="700"><subfield code="a">Niculeslcu, Tudor</subfield></datafield><datafield ind1=" " ind2=" " tag="852"><subfield code="a">621.397</subfield></datafield><datafield ind1=" " ind2=" " tag="CAT"><subfield code="a">SYS</subfield><subfield code="c">20170304</subfield><subfield code="h">141612</subfield></datafield></record></collection>